<record><leader>00000cas a22000007a 4500</leader><controlfield tag="001">13051482</controlfield><controlfield tag="008">860123d19031909iduwr ne      0    0eng d</controlfield><datafield ind1=" " ind2=" " tag="010"><subfield code="a">sn 86091061 </subfield></datafield><datafield ind1=" " ind2=" " tag="040"><subfield code="a">UNP</subfield><subfield code="b">eng</subfield><subfield code="c">UNP</subfield><subfield code="d">NVB</subfield><subfield code="d">OCLCQ</subfield><subfield code="d">OCLCF</subfield><subfield code="d">OCLCO</subfield></datafield><datafield ind1="1" ind2=" " tag="029"><subfield code="a">AU@</subfield><subfield code="b">000025794178</subfield></datafield><datafield ind1=" " ind2=" " tag="042"><subfield code="a">msc</subfield></datafield><datafield ind1=" " ind2=" " tag="043"><subfield code="a">n-us-id</subfield></datafield><datafield ind1=" " ind2="4" tag="050"><subfield code="a">AN2.I2</subfield><subfield code="b">R46</subfield></datafield><datafield ind1="0" ind2=" " tag="130"><subfield code="a">Republican (Mountain Home, Idaho)</subfield></datafield><datafield ind1="1" ind2="4" tag="245"><subfield code="a">The Republican.</subfield></datafield><datafield ind1=" " ind2=" " tag="260"><subfield code="a">Mountain Home, Idaho :</subfield><subfield code="b">M.E. Longfellow</subfield></datafield><datafield ind1=" " ind2=" " tag="300"><subfield code="a">v.</subfield></datafield><datafield ind1=" " ind2=" " tag="310"><subfield code="a">Weekly,</subfield><subfield code="b">Nov. 7, 1908-&lt;Nov. 27, 1909&gt;</subfield></datafield><datafield ind1=" " ind2=" " tag="321"><subfield code="a">Weekly,</subfield><subfield code="b">&lt;Jan. 1, 1905&gt;-Mar. 18, 1908</subfield></datafield><datafield ind1=" " ind2=" " tag="321"><subfield code="a">Semiweekly,</subfield><subfield code="b">Mar. 21-Oct. 31, 1908</subfield></datafield><datafield ind1="1" ind2=" " tag="362"><subfield code="a">Began in 1903; ceased in 1910.</subfield></datafield><datafield ind1=" " ind2=" " tag="588"><subfield code="a">Description based on: Vol. 16, no. 15 (Jan. 3, 1905).</subfield></datafield><datafield ind1=" " ind2="0" tag="651"><subfield code="a">Mountain Home (Idaho)</subfield><subfield code="v">Newspapers.</subfield></datafield><datafield ind1=" " ind2="7" tag="655"><subfield code="a">Newspapers.</subfield><subfield code="2">fast</subfield><subfield code="0">(OCoLC)fst01423814</subfield></datafield><datafield ind1=" " ind2="7" tag="651"><subfield code="a">Idaho</subfield><subfield code="z">Mountain Home.</subfield><subfield code="2">fast</subfield><subfield code="0">(OCoLC)fst01220477</subfield></datafield><datafield ind1=" " ind2=" " tag="752"><subfield code="a">United States</subfield><subfield code="b">Idaho</subfield><subfield code="c">Elmore</subfield><subfield code="d">Mountain Home.</subfield></datafield><datafield ind1="0" ind2="0" tag="780"><subfield code="t">Elmore County Republican (Mountain Home, Idaho : 1893)</subfield><subfield code="w">(DLC)sn 89055031</subfield></datafield><datafield ind1="0" ind2="0" tag="785"><subfield code="t">Elmore County Republican (Mountain Home, Idaho : 1910)</subfield><subfield code="w">(DLC)sn 86091062</subfield><subfield code="w">(OCoLC)13051858</subfield></datafield></record>